<?xml version="1.0" encoding="UTF-8"?><collection xmlns="http://www.loc.gov/MARC21/slim"><record><leader>00368nam--2200121-i-4500</leader><controlfield tag="001">000019019</controlfield><controlfield tag="002">20161230</controlfield><controlfield tag="005">20161230201033</controlfield><controlfield tag="008">060222s1000------------r-----000-0-eng-d</controlfield><datafield ind1=" " ind2=" " tag="100"><subfield code="a">Dub, Michael</subfield></datafield><datafield ind1=" " ind2=" " tag="245"><subfield code="a">Organometallic compounds.methods of synthesi, physical constants and chemical reactions. 2nd edition</subfield></datafield><datafield ind1=" " ind2=" " tag="260"><subfield code="a">Berlin, Springer-verlag, 1966-1968</subfield></datafield><datafield ind1=" " ind2=" " tag="852"><subfield code="a">27223</subfield></datafield></record></collection>